@misc{cornell_lecture_video,
  author       = {Cornell University},
  title        = {CS 4780 Lecture: Dimensionality Reduction and PCA},
  year         = {2022},
  howpublished = {YouTube},
  url          = {https://www.youtube.com/watch?v=oymtGlGdT-k},
  note         = {Accedido: 20 de noviembre de 2024}
}
@misc{cornell_lecture_notes,
  author       = {Cornell University},
  title        = {CS 4780 Lecture Notes: Dimensionality Reduction},
  year         = {2022},
  howpublished = {Página web},
  url          = {https://www.cs.cornell.edu/courses/cs4780/2022sp/notes/LectureNotes03.html},
  note         = {Accedido: 20 de noviembre de 2024}
}

@online{healthdataminer_knn,
  author    = {Health Data Miner},
  title     = {K-NN o la influencia de los vecinos},
  year      = {2023},
  url       = {https://healthdataminer.com/data-mining/k-nn-o-la-influencia-de-los-vecinos/},
  note      = {Accedido: 23 de noviembre de 2024}
}


@online{apuntes_catedra,
  author    = {IA1 UNCUYO},
  title     = {Clase 8: Percepción},
  year      = {2024},
  url       = {https://aulaabierta.ingenieria.uncuyo.edu.ar/pluginfile.php/44301/mod_resource/content/9/Percepci%C3%B3n%202024.pdf},
  note      = {Accedido: 14  de noviembre de 2024}
}
@misc{librosa,
  author       = {McFee, Brian and Raffel, Colin and Liang, Dawen and Ellis, Daniel P. W. and McVicar, Matt and Battenberg, Eric and Nieto, Oriol},
  title        = {librosa: Audio and Music Signal Analysis in Python},
  year         = {2015},
  doi          = {10.5281/zenodo.3961370},
  url          = {https://librosa.org/doc/latest/index.html},
  note         = {Accedido: 18 de diciembre de 2024}
}
@misc{wikipedia_image_moment,
  author       = {{Wikipedia contributors}},
  title        = {Image moment --- Wikipedia{,} The Free Encyclopedia},
  year         = {2024},
  url          = {https://en.wikipedia.org/wiki/Image_moment},
  note         = {Accedido: 14 de diciembre de 2024}
}
@article{opencv_library,
  author    = {Bradski, G.},
  title     = {The OpenCV Library},
  journal   = {Dr. Dobb's Journal of Software Tools},
  year      = {2000}
}
